@article{Lamport1994LaTeX,
  author  = {Lamport, Leslie},
  title   = {LaTeX: A Document Preparation System},
  journal = {Addison-Wesley},
  year    = {1994},
  note    = {Placeholder reference; replace with your bibliography.}
}